% INTRODUCTION %

% LITERATURE REVIEW %

% QUEUEING THEORETIC MODEL %

@book{kemeny1976markov,
  title={Markov chains},
  author={Kemeny, John G and Snell, J Laurie},
  volume={6},
  year={1976},
  publisher={Springer-Verlag, New York}
}


@ARTICLE{2020NumPy-Array,
  author  = {Harris, Charles R. and Millman, K. Jarrod and van der Walt, Stéfan J and Gommers, Ralf and Virtanen, Pauli and Cournapeau, David and Wieser, Eric and Taylor, Julian and Berg, Sebastian and Smith, Nathaniel J. and Kern, Robert and Picus, Matti and Hoyer, Stephan and van Kerkwijk, Marten H. and Brett, Matthew and Haldane, Allan and Fernández del Río, Jaime and Wiebe, Mark and Peterson, Pearu and Gérard-Marchant, Pierre and Sheppard, Kevin and Reddy, Tyler and Weckesser, Warren and Abbasi, Hameer and Gohlke, Christoph and Oliphant, Travis E.},
  title   = {Array programming with {NumPy}},
  journal = {Nature},
  year    = {2020},
  volume  = {585},
  pages   = {357-362},
  doi     = {10.1038/s41586-020-2649-2}
}

@BOOK{lapack99,
  AUTHOR = {Anderson, E. and Bai, Z. and Bischof, C. and
  Blackford, S. and Demmel, J. and Dongarra, J. and
  Du Croz, J. and Greenbaum, A. and Hammarling, S. and
  McKenney, A. and Sorensen, D.},
  TITLE = {{LAPACK} Users' Guide},
  EDITION = {Third},
  PUBLISHER = {Society for Industrial and Applied Mathematics},
  YEAR = {1999},
  ADDRESS = {Philadelphia, PA},
  ISBN = {0-89871-447-8 (paperback)} 
}

@book{strang2006linear,
  title={Linear algebra and its applications.},
  author={Strang, Gilbert},
  year={2006},
  publisher={Belmont, CA: Thomson, Brooks/Cole}
}

@ARTICLE{2020SciPy-NMeth,
  author  = {Virtanen, Pauli and Gommers, Ralf and Oliphant, Travis E. and
            Haberland, Matt and Reddy, Tyler and Cournapeau, David and
            Burovski, Evgeni and Peterson, Pearu and Weckesser, Warren and
            Bright, Jonathan and {van der Walt}, St{\'e}fan J. and
            Brett, Matthew and Wilson, Joshua and Millman, K. Jarrod and
            Mayorov, Nikolay and Nelson, Andrew R. J. and Jones, Eric and
            Kern, Robert and Larson, Eric and Carey, C J and
            Polat, {\.I}lhan and Feng, Yu and Moore, Eric W. and
            {VanderPlas}, Jake and Laxalde, Denis and Perktold, Josef and
            Cimrman, Robert and Henriksen, Ian and Quintero, E. A. and
            Harris, Charles R. and Archibald, Anne M. and
            Ribeiro, Ant{\^o}nio H. and Pedregosa, Fabian and
            {van Mulbregt}, Paul and {SciPy 1.0 Contributors}},
  title   = {{{SciPy} 1.0: Fundamental Algorithms for Scientific
            Computing in Python}},
  journal = {Nature Methods},
  year    = {2020},
  volume  = {17},
  pages   = {261--272},
  adsurl  = {https://rdcu.be/b08Wh},
  doi     = {10.1038/s41592-019-0686-2},
}

@article{lsoda_algorithm,
  author = {Petzold, Linda},
  title = {Automatic Selection of Methods for Solving Stiff and Nonstiff Systems of Ordinary Differential Equations},
  journal = {SIAM Journal on Scientific and Statistical Computing},
  volume = {4},
  number = {1},
  pages = {136-148},
  year = {1983},
  doi = {10.1137/0904010},
  URL = {https://doi.org/10.1137/0904010},
  eprint = {https://doi.org/10.1137/0904010}
}

@article{backward_differentiation_formula,
  title={Integration of stiff equations},
  author={Curtiss, Charles Francis and Hirschfelder, Joseph O},
  journal={Proceedings of the National Academy of Sciences},
  volume={38},
  number={3},
  pages={235--243},
  year={1952},
  publisher={National Acad Sciences}
}

@book{adams_method,
  title={An attempt to test the theories of capillary action by comparing the theoretical and measured forms of drops of fluid},
  author={Bashforth, Francis and Adams, John Couch},
  year={1883},
  publisher={University Press}
}

@article{runge_kutta_formulas,
  title={Some practical Runge-Kutta formulas},
  author={F Shampine Lawrence},
  journal={Mathematics of Computation},
  year={1986},
  volume={46},
  pages={135-150}
}

@article{solve_ivp_rk45_method,
  title={A family of embedded Runge-Kutta formulae},
  author={Dormand, John R and Prince, Peter J},
  journal={Journal of computational and applied mathematics},
  volume={6},
  number={1},
  pages={19--26},
  year={1980},
  publisher={Elsevier}
}

@misc{ciwpython,
  author       = {{{The Ciw library developers}}},
  title        = {Ciw: v2.3.1},
  year         = 2022,
  doi          = {10.5281/zenodo.6902233},
  url          = {http://dx.doi.org/10.5281/zenodo.6902233}
}

@article{ciwarticle,
  author    = {Geraint I. Palmer and Vincent A. Knight and Paul R. Harper and Asyl L. Hawa},
  title     = {Ciw: An open-source discrete event simulation library},
  journal   = {Journal of Simulation},
  volume    = {13},
  number    = {1},
  pages     = {68-82},
  year      = {2019},
  publisher = {Taylor & Francis},
  doi       = {10.1080/17477778.2018.1473909},
}

% GAME THEORETIC MODEL %

% METHODOLOGY %

% EMS-ED APPLICATION %

% AGENT-BASED EXTENSION %
